@article {
    MaclureAI,
    author = {Maclure, Jocelyn},
    title = {AI, Explainability, and Public Reason: The Argument from the Limitations of the Human Mind},
    journaltitle = {Mind and Machines},
    volume = {31},
    url = {https://doi.org/10.1007/s11023-021-09570-x},
    doi = {10.1007/s11023-021-09570-x},
    pages = {421-428},
    year = {2021}
}

@book {
    ShaferLandau,
    author = {Shafer-Landau, Russ},
    title = {The Fundamentals of Ethics, 3rd Edition},
    year = {2014}
}