@artcle {
    JudgeHerbertAI,
    author = {Dixon, Herbert},
    title = {Artificial Intelligence: Benefits and Unknown Risks},
    journaltitle = {American BAR Association},
    url = {https://www.americanbar.org/groups/judicial/publications/judges_journal/2021/winter/artificial-intelligence-benefits-and-unknown-risks},
    year = {2021}
}

@article {
    InspiritAI,
    author = {Jren, Caleb},
    title = {The Implications of AI in the Criminal Justice System},
    journaltitle = {Inspirit AI},
    url = {https://www.inspiritai.com/blogs/ai-student-blog/implications-of-ai-in-the-criminal-justice-system},
}

@article {
    DermatolAI,
    author = {Basu, Kanadpriya et al.},
    title = {Artificial Intelligence: How is It Changing Medical Sciences and Its Future?},
    journaltitle = {Indian J Dermatol},
    url = {https://doi.org/10.4103/ijd.IJD_421_20},
    year = {2020},
    pages = {365-370}
}

@article {
    FutureHealthAI,
    author = {Davenport T, Kalakota R},
    title = {The potential for artificial intelligence in healthcare},
    journaltitle = {Future Healthc J.},
    url = {https://doi.org/10.7861/futurehosp.6-2-94},
    year = {2019},
    pages = {94-98}
}

@article {
    JonMooreAI,
    author = {Moore, Jon},
    title = {AI in health care: the risks and benefits},
    journaltitle = {Medical Economics},
    url = {https://www.medicaleconomics.com/view/ai-in-health-care-the-risks-and-benefits},
    year = {2023}
}

@article {
    GPTWrong,
    author = {Stechly, Marquez, and Kambhampati},
    title = {GPT-4 Doesn't Know It's Wrong: An Analysis of Iterative Prompting for Reasoning Problems},
    journaltitle = {arXiv},
    url = {https://arxiv.org/abs/2310.12397v1},
    year = {2023},
}

@article {
    MaclureAI,
    author = {Maclure, Jocelyn},
    title = {AI, Explainability, and Public Reason: The Argument from the Limitations of the Human Mind},
    journaltitle = {Mind and Machines},
    volume = {31},
    url = {https://doi.org/10.1007/s11023-021-09570-x},
    doi = {10.1007/s11023-021-09570-x},
    pages = {421-428},
    year = {2021}
}
